@misc{a2022_re,
  author = {Python Software Foundation},
  title = {re — Regular expression operations — Python 3.10.5 documentation},
  url = {https://docs.python.org/3/library/re.html},
  urldate = {2022-06-16},
  month = {06},
  year = {2022},
  organization = {docs.python.org}
}

@misc{CAB203_22se1,
  author = {CAB203 teaching team},
  title = {CAB203 Problem solving},
  url = {https://blackboard.qut.edu.au/bbcswebdav/pid-9577305-dt-content-rid-51686171_1/courses/CAB203_22se1/problem_solving_example.pdf},
  urldate = {2022-06-16},
  day = {16},
  month = {06},
  year = {2022},
}